@Manual{LiPo_PSIM,
title = {\href{https://powersimtech.com/drive/uploads/2016/03/Tutorial-How-to-use-Lithium-Ion-battery-model.pdf}{PSIM Tutorial, How to Use Lithium-Ion Battery Model}},
organization = {Powersim},
year = {2016}
}

@Manual{A055,
title = {Input and Output Capacitor Selection},
key = {SLTA055},
author = {Jason Arrigo},
organization = {Texas Instruments},
year = {2006},
note = {\url{http://www.ti.com/lit/an/slta055/slta055.pdf}}
}

@Manual{AN857,
title = {Brushless DC Motor Control Made Easy},
key = {DS00857B},
author = {Ward Brown},
organization = {Microchip Technology Inc.},
year = {2002-2011}
}

@Manual{AN885,
title = {Brushless DC (BLDC) Motor Fundamentals},
key = {DS00885A},
author = {Padmaraja Yedamale},
organization = {Microchip Technology Inc.},
year = {2003}
}

@Manual{AN894,
title = {Motor Control Sensor Feedback Circuits},
key = {DS00894A},
author = {Padmaraja Yedamale},
organization = {Microchip Technology Inc.},
year = {2003}
}

@Manual{AN899,
title = {Brushless DC Motor Control Using PIC18FXX31 MCUs},
key = {DS00899A},
author = {Padmaraja Yedamale},
organization = {Microchip Technology Inc.},
year = {2004}
}

@Manual{AN901,
title = {Using the dsPIC30F for Sensorless BLDC Control},
key = {DS00901A},
author = {Charlie Elliott and Steve Bowling},
organization = {Smart Power Solutions, LLP and Microchip Technology Inc.},
year = {2004}
}

@Manual{AN957,
title = {Sensored BLDC Motor Control Using dsPIC30F2010},
key = {DS00957A},
author = {Stan D’Souza},
organization = {Microchip Technology Inc.},
year = {2004}
}

@Manual{AN970,
title = {Using the PIC18F2431 for Sensorless BLDC Motor Control},
key = {DS00970A},
author = {Padmaraja Yedamale},
organization = {Microchip Technology Inc.},
year = {2005}
}

@Manual{AN992,
title = {Sensorless BLDC Motor Control Using dsPIC30F2010},
key = {DS00992A},
author = {Stan D’Souza},
organization = {Microchip Technology Inc.},
year = {2005}
}

@Manual{AN1160,
title = {Sensorless BLDC Control with Back-EMF Filtering Using a Majority Function},
key = {DS01160B},
author = {Adrian Lita and Mihai Cheles},
organization = {Microchip Technology Inc.},
year = {2008-2012}
}

@Manual{AN1162,
title = {Compensator Design Procedure for Buck Converter with Voltage-Mode Error-Amplifier},
key = {AN-1162},
author = {Amir M. Rahimi and Parviz Parto and Peyman Asadi},
organization = {International Rectifier Inc.}
}

@Manual{AN1175,
title = {Sensorless Brushless DC Motor Control with PIC16},
key = {DS01175A},
author = {Joseph Julicher and Dieter Peter},
organization = {Microchip Technology Inc.},
year = {2008}
}

@Manual{AN1305,
title = {Sensorless 3-Phase Brushless Motor Control with the PIC16FXXX},
key = {DS01305A},
author = {Ward Brown},
organization = {Microchip Technology Inc.},
year = {2009}
}

@Manual{LM22672,
title = {\href{http://www.ti.com/lit/ds/snvs588m/snvs588m.pdf?&ts=1590137969804}{LM22672/-Q1 42-V, 1-A SIMPLE SWITCHER® Step-Down Voltage Regulator with Features}},
key = {SNVS588M},
organization = {Texas Instruments},
year = {2008-2014}
}

@Manual{SL22,
title = {Surface Mount Schottky Barrier Rectifier},
key = {88748},
organization = {Vishay},
year = {4 Août 2015},
note={\url{http://www.farnell.com/datasheets/2049348.pdf?_ga=2.119705032.1987704794.1584894143-1678738369.1584894143}}
}

@Manual{PLCHTI,
title = {Plan du ChtiCat Racer},
author = {Christophe Malapel},
year = {Février 2016}
}

@Misc{chticat,
title ={Chticat},
note={\url{https://www.guixmodel.fr/modelisme/avions/indoor/kit-indoor/a%C3%A9roglisseur-chticat-epp-detail}}
}

@Manual{tutoBLE,
title={App Inventor + IoT: Basic Bluetooth Connection Setup},
organization = {MIT App Inventor 2},
note={\url{http://iot.appinventor.mit.edu/assets/tutorials/MIT_App_Inventor_Basic_Connection.pdf}}
}

@misc{git,
title={Dépot Github du Projet},
author = {Tristan DRUSSEL, Florian POUTHIER},
year={2020},
note={\url{https://github.com/tristanplouz/ProjetGE2}}
}